<?xml version="1.0" encoding="UTF-8"?><collection xmlns="http://www.loc.gov/MARC21/slim"><record><leader>00453nam--2200169-i-4500</leader><controlfield tag="001">000036991</controlfield><controlfield tag="002">20161230</controlfield><controlfield tag="005">20161230201041</controlfield><controlfield tag="008">060222s1000------------r-----000-0-eng-d</controlfield><datafield ind1=" " ind2=" " tag="040"><subfield code="a">IFIN-HH</subfield></datafield><datafield ind1=" " ind2=" " tag="080"><subfield code="a">536.1(043)</subfield></datafield><datafield ind1="1" ind2=" " tag="100"><subfield code="a">Prins, Wolter</subfield></datafield><datafield ind1="1" ind2="0" tag="245"><subfield code="a">Fluized bed combustion of a single carbon particle</subfield><subfield code="b">Dissertation</subfield><subfield code="c">Wolter prins</subfield></datafield><datafield ind1=" " ind2=" " tag="260"><subfield code="a">Twente</subfield><subfield code="b">Universitat</subfield><subfield code="c">1987</subfield></datafield><datafield ind1=" " ind2=" " tag="300"><subfield code="a">268P</subfield></datafield><datafield ind1=" " ind2=" " tag="852"><subfield code="a">78792</subfield><subfield code="c">536</subfield></datafield><datafield ind1=" " ind2=" " tag="CAT"><subfield code="a">Sys</subfield><subfield code="c">20110512</subfield><subfield code="h">103716</subfield></datafield></record></collection>